%%% ====================================================================
%%%  BibTeX-file{
%%%     author          = "",
%%%     version         = "1.2",
%%%     date            = "8 August 2018",
%%%     filename        = "bib.bib",
%%%     address         = "ACM, NY",
%%%     email           = "dkimpara3 at gatech.edu",
%%%     codetable       = "ISO/ASCII",
%%%     keywords        = "ACM Reference Format, bibliography, citation, references",
%%%     supported       = "yes",
%%%     docstring       = ""
%%%  }
%%% ====================================================================

% Journals

% First the Full Name is given, then the abbreviation used in the AMS Math
% Reviews, with an indication if it could not be found there.
% Note the 2nd overwrites the 1st, so swap them if you want the full name.

 %{AMS}
 @String{AMSTrans = "American Mathematical Society Translations" }
 @String{AMSTrans = "Amer. Math. Soc. Transl." }
 @String{BullAMS = "Bulletin of the American Mathematical Society" }
 @String{BullAMS = "Bull. Amer. Math. Soc." }
 @String{ProcAMS = "Proceedings of the American Mathematical Society" }
 @String{ProcAMS = "Proc. Amer. Math. Soc." }
 @String{TransAMS = "Transactions of the American Mathematical Society" }
 @String{TransAMS = "Trans. Amer. Math. Soc." }

 %ACM
 @String{CACM = "Communications of the {ACM}" }
 @String{CACM = "Commun. {ACM}" }
 @String{CompServ = "Comput. Surveys" }
 @String{JACM = "J. ACM" }
 @String{ACMMathSoft = "{ACM} Transactions on Mathematical Software" }
 @String{ACMMathSoft = "{ACM} Trans. Math. Software" }
 @String{SIGNUM = "{ACM} {SIGNUM} Newsletter" }
 @String{SIGNUM = "{ACM} {SIGNUM} Newslett." }

 @String{AmerSocio = "American Journal of Sociology" }
 @String{AmerStatAssoc = "Journal of the American Statistical Association" }
 @String{AmerStatAssoc = "J. Amer. Statist. Assoc." }
 @String{ApplMathComp = "Applied Mathematics and Computation" }
 @String{ApplMathComp = "Appl. Math. Comput." }
 @String{AmerMathMonthly = "American Mathematical Monthly" }
 @String{AmerMathMonthly = "Amer. Math. Monthly" }
 @String{BIT = "{BIT}" }
 @String{BritStatPsych = "British Journal of Mathematical and Statistical
          Psychology" }
 @String{BritStatPsych = "Brit. J. Math. Statist. Psych." }
 @String{CanMathBull = "Canadian Mathematical Bulletin" }
 @String{CanMathBull = "Canad. Math. Bull." }
 @String{CompApplMath = "Journal of Computational and Applied Mathematics" }
 @String{CompApplMath = "J. Comput. Appl. Math." }
 @String{CompPhys = "Journal of Computational Physics" }
 @String{CompPhys = "J. Comput. Phys." }
 @String{CompStruct = "Computers and Structures" }
 @String{CompStruct = "Comput. \& Structures" }
 @String{CompJour = "The Computer Journal" }
 @String{CompJour = "Comput. J." }
 @String{CompSysSci = "Journal of Computer and System Sciences" }
 @String{CompSysSci = "J. Comput. System Sci." }
 @String{Computing = "Computing" }
 @String{ContempMath = "Contemporary Mathematics" }
 @String{ContempMath = "Contemp. Math." }
 @String{Crelle = "Crelle's Journal" }
 @String{GiornaleMath = "Giornale di Mathematiche" }
 @String{GiornaleMath = "Giorn. Mat." } % didn't find in AMS MR., ibid.

 %IEEE
 @String{Computer = "{IEEE} Computer" }
 @String{IEEETransComp = "{IEEE} Transactions on Computers" }
 @String{IEEETransComp = "{IEEE} Trans. Comput." }
 @String{IEEETransAC = "{IEEE} Transactions on Automatic Control" }
 @String{IEEETransAC = "{IEEE} Trans. Automat. Control" }
 @String{IEEESpec = "{IEEE} Spectrum" } % didn't find in AMS MR
 @String{ProcIEEE = "Proceedings of the {IEEE}" }
 @String{ProcIEEE = "Proc. {IEEE}" } % didn't find in AMS MR
 @String{IEEETransAeroElec = "{IEEE} Transactions on Aerospace and Electronic
     Systems" }
 @String{IEEETransAeroElec = "{IEEE} Trans. Aerospace Electron. Systems" }

 @String{IMANumerAna = "{IMA} Journal of Numerical Analysis" }
 @String{IMANumerAna = "{IMA} J. Numer. Anal." }
 @String{InfProcLet = "Information Processing Letters" }
 @String{InfProcLet = "Inform. Process. Lett." }
 @String{InstMathApp = "Journal of the Institute of Mathematics and
     its Applications" }
 @String{InstMathApp = "J. Inst. Math. Appl." }
 @String{IntControl = "International Journal of Control" }
 @String{IntControl = "Internat. J. Control" }
 @String{IntNumerEng = "International Journal for Numerical Methods in
     Engineering" }
 @String{IntNumerEng = "Internat. J. Numer. Methods Engrg." }
 @String{IntSuper = "International Journal of Supercomputing Applications" }
 @String{IntSuper = "Internat. J. Supercomputing Applic." } % didn't find
%% in AMS MR
 @String{Kibernetika = "Kibernetika" }
 @String{JResNatBurStand = "Journal of Research of the National Bureau
     of Standards" }
 @String{JResNatBurStand = "J. Res. Nat. Bur. Standards" }
 @String{LinAlgApp = "Linear Algebra and its Applications" }
 @String{LinAlgApp = "Linear Algebra Appl." }
 @String{MathAnaAppl = "Journal of Mathematical Analysis and Applications" }
 @String{MathAnaAppl = "J. Math. Anal. Appl." }
 @String{MathAnnalen = "Mathematische Annalen" }
 @String{MathAnnalen = "Math. Ann." }
 @String{MathPhys = "Journal of Mathematical Physics" }
 @String{MathPhys = "J. Math. Phys." }
 @String{MathComp = "Mathematics of Computation" }
 @String{MathComp = "Math. Comp." }
 @String{MathScand = "Mathematica Scandinavica" }
 @String{MathScand = "Math. Scand." }
 @String{TablesAidsComp = "Mathematical Tables and Other Aids to Computation" }
 @String{TablesAidsComp = "Math. Tables Aids Comput." }
 @String{NumerMath = "Numerische Mathematik" }
 @String{NumerMath = "Numer. Math." }
 @String{PacificMath = "Pacific Journal of Mathematics" }
 @String{PacificMath = "Pacific J. Math." }
 @String{ParDistComp = "Journal of Parallel and Distributed Computing" }
 @String{ParDistComp = "J. Parallel and Distrib. Comput." } % didn't find
%% in AMS MR
 @String{ParComputing = "Parallel Computing" }
 @String{ParComputing = "Parallel Comput." }
 @String{PhilMag = "Philosophical Magazine" }
 @String{PhilMag = "Philos. Mag." }
 @String{ProcNAS = "Proceedings of the National Academy of Sciences
                    of the USA" }
 @String{ProcNAS = "Proc. Nat. Acad. Sci. U. S. A." }
 @String{Psychometrika = "Psychometrika" }
 @String{QuartMath = "Quarterly Journal of Mathematics, Oxford, Series (2)" }
 @String{QuartMath = "Quart. J. Math. Oxford Ser. (2)" }
 @String{QuartApplMath = "Quarterly of Applied Mathematics" }
 @String{QuartApplMath = "Quart. Appl. Math." }
 @String{RevueInstStat = "Review of the International Statisical Institute" }
 @String{RevueInstStat = "Rev. Inst. Internat. Statist." }

 %SIAM
 @String{JSIAM = "Journal of the Society for Industrial and Applied
     Mathematics" }
 @String{JSIAM = "J. Soc. Indust. Appl. Math." }
 @String{JSIAMB = "Journal of the Society for Industrial and Applied
     Mathematics, Series B, Numerical Analysis" }
 @String{JSIAMB = "J. Soc. Indust. Appl. Math. Ser. B Numer. Anal." }
 @String{SIAMAlgMeth = "{SIAM} Journal on Algebraic and Discrete Methods" }
 @String{SIAMAlgMeth = "{SIAM} J. Algebraic Discrete Methods" }
 @String{SIAMAppMath = "{SIAM} Journal on Applied Mathematics" }
 @String{SIAMAppMath = "{SIAM} J. Appl. Math." }
 @String{SIAMComp = "{SIAM} Journal on Computing" }
 @String{SIAMComp = "{SIAM} J. Comput." }
 @String{SIAMMatrix = "{SIAM} Journal on Matrix Analysis and Applications" }
 @String{SIAMMatrix = "{SIAM} J. Matrix Anal. Appl." }
 @String{SIAMNumAnal = "{SIAM} Journal on Numerical Analysis" }
 @String{SIAMNumAnal = "{SIAM} J. Numer. Anal." }
 @String{SIAMReview = "{SIAM} Review" }
 @String{SIAMReview = "{SIAM} Rev." }
 @String{SIAMSciStat = "{SIAM} Journal on Scientific and Statistical
     Computing" }
 @String{SIAMSciStat = "{SIAM} J. Sci. Statist. Comput." }

 @String{SoftPracExp = "Software Practice and Experience" }
 @String{SoftPracExp = "Software Prac. Experience" } % didn't find in AMS MR
 @String{StatScience = "Statistical Science" }
 @String{StatScience = "Statist. Sci." }
 @String{Techno = "Technometrics" }
 @String{USSRCompMathPhys = "{USSR} Computational Mathematics and Mathematical
     Physics" }
 @String{USSRCompMathPhys = "{U. S. S. R.} Comput. Math. and Math. Phys." }
 @String{VLSICompSys = "Journal of {VLSI} and Computer Systems" }
 @String{VLSICompSys = "J. {VLSI} Comput. Syst." }
 @String{ZAngewMathMech = "Zeitschrift fur Angewandte Mathematik und
     Mechanik" }
 @String{ZAngewMathMech = "Z. Angew. Math. Mech." }
 @String{ZAngewMathPhys = "Zeitschrift fur Angewandte Mathematik und Physik" }
 @String{ZAngewMathPhys = "Z. Angew. Math. Phys." }

% Publishers % ================================================= |

 @String{Academic = "Academic Press" }
 @String{ACMPress = "{ACM} Press" }
 @String{AdamHilger = "Adam Hilger" }
 @String{AddisonWesley = "Addison-Wesley" }
 @String{AllynBacon = "Allyn and Bacon" }
 @String{AMS = "American Mathematical Society" }
 @String{Birkhauser = "Birkha{\"u}ser" }
 @String{CambridgePress = "Cambridge University Press" }
 @String{Chelsea = "Chelsea" }
 @String{ClaredonPress = "Claredon Press" }
 @String{DoverPub = "Dover Publications" }
 @String{Eyolles = "Eyolles" }
 @String{HoltRinehartWinston = "Holt, Rinehart and Winston" }
 @String{Interscience = "Interscience" }
 @String{JohnsHopkinsPress = "The Johns Hopkins University Press" }
 @String{JohnWileySons = "John Wiley and Sons" }
 @String{Macmillan = "Macmillan" }
 @String{MathWorks = "The Math Works Inc." }
 @String{McGrawHill = "McGraw-Hill" }
 @String{NatBurStd = "National Bureau of Standards" }
 @String{NorthHolland = "North-Holland" }
 @String{OxfordPress = "Oxford University Press" }  %address Oxford or London?
 @String{PergamonPress = "Pergamon Press" }
 @String{PlenumPress = "Plenum Press" }
 @String{PrenticeHall = "Prentice-Hall" }
 @String{SIAMPub = "{SIAM} Publications" }
 @String{Springer = "Springer-Verlag" }
 @String{TexasPress = "University of Texas Press" }
 @String{VanNostrand = "Van Nostrand" }
 @String{WHFreeman = "W. H. Freeman and Co." }

%Entries
@article{friedler2016possibility,
	title={On the (im) possibility of fairness},
	author={Friedler, Sorelle A and Scheidegger, Carlos and Venkatasubramanian, Suresh},
	journal={arXiv preprint arXiv:1609.07236},
	year={2016}
}
@article{veale2017fairer,
	title={Fairer machine learning in the real world: Mitigating discrimination without collecting sensitive data},
	author={Veale, Michael and Binns, Reuben},
	journal={Big Data \& Society},
	volume={4},
	number={2},
	pages={2053951717743530},
	year={2017},
	publisher={SAGE Publications Sage UK: London, England}
}

@article{hajian2015discrimination,
	title={Discrimination-and privacy-aware pattenrns},
	author={Hajian, Sara and Domingo-Ferrer, Josep and Monreale, Anna and Pedreschi, Dino and Giannotti, Fosca},
	journal={Data Mining and Knowledge Discovery},
	volume={29},
	number={6},
	pages={1733--1782},
	year={2015},
	publisher={Springer}
}

@article{hajian2014generalization,
	title={Generalization-based privacy preservation and discrimination prevention in data publishing and mining},
	author={Hajian, Sara and Domingo-Ferrer, Josep and Farr{\`a}s, Oriol},
	journal={Data Mining and Knowledge Discovery},
	volume={28},
	number={5-6},
	pages={1158--1188},
	year={2014},
	publisher={Springer}
}

@inproceedings{hajian2016algorithmic,
	title={Algorithmic bias: From discrimination discovery to fairness-aware data mining},
	author={Hajian, Sara and Bonchi, Francesco and Castillo, Carlos},
	booktitle={Proceedings of the 22nd ACM SIGKDD international conference on knowledge discovery and data mining},
	pages={2125--2126},
	year={2016},
	organization={ACM}
}

@article{romei2014multidisciplinary,
	title={A multidisciplinary survey on discrimination analysis},
	author={Romei, Andrea and Ruggieri, Salvatore},
	journal={The Knowledge Engineering Review},
	volume={29},
	number={5},
	pages={582--638},
	year={2014},
	publisher={Cambridge University Press}
}
@misc{FATML,
	title = {FATML Resources},
	howpublished = {\url{https://www.fatml.org/resources/relevant-scholarship}},
	note = {Accessed: 2018-05-01}
	}
	
@book{shalev2014understanding,
	title={Understanding machine learning: From theory to algorithms},
	author={Shalev-Shwartz, Shai and Ben-David, Shai},
	year={2014},
	publisher={Cambridge university press}
	}
	
@inproceedings{mir2012differentially,
	title={Differentially-private learning and information theory},
	author={Mir, Darakhshan},
	booktitle={Proceedings of the 2012 Joint EDBT/ICDT Workshops},
	pages={206--210},
	year={2012},
	organization={ACM}
	}
	
	
@article{barocas2016big,
	title={Big data's disparate impact},
	author={Barocas, Solon and Selbst, Andrew D},
	journal={Cal. L. Rev.},
	volume={104},
	pages={671},
	year={2016},
	publisher={HeinOnline}
	}
	
@article{dpbook,
	author = {Dwork, Cynthia and Roth, Aaron},
	title = {The Algorithmic Foundations of Differential Privacy},
	journal = {Found. Trends Theor. Comput. Sci.},
	issue_date = {August 2014},
	volume = {9},
	month = aug,
	year = {2014},
	pages = {211--407},
	numpages = {197},
	doi = {10.1561/0400000042},
	acmid = {2693053},
	publisher = {Now Publishers Inc.},
	address = {Hanover, MA, USA},
	} 
	
@inproceedings{shokri2017membership,
	title={Membership inference attacks against machine learning models},
	author={Shokri, Reza and Stronati, Marco and Song, Congzheng and Shmatikov, Vitaly},
	booktitle={Security and Privacy (SP), 2017 IEEE Symposium on},
	pages={3--18},
	year={2017},
	organization={IEEE}
	}
	
@article{dperm,
	title={Differentially private empirical risk minimization},
	author={Chaudhuri, Kamalika and Monteleoni, Claire and Sarwate, Anand D},
	journal={Journal of Machine Learning Research},
	volume={12},
	number={Mar},
	pages={1069--1109},
	year={2011}
	}
	
@article{dpmlsurvey,
	title={Differential Privacy and Machine Learning: a Survey and Review},
	author={Ji, Zhanglong and Lipton, Zachary C and Elkan, Charles},
	journal={arXiv preprint arXiv:1412.7584},
	year={2014}
	}
	
@inproceedings{dworkfta,
	author = {Dwork, Cynthia and Hardt, Moritz and Pitassi, Toniann and Reingold, Omer and Zemel, Richard},
	title = {Fairness Through Awareness},
	booktitle = {Proceedings of the 3rd Innovations in Theoretical Computer Science Conference},
	series = {ITCS '12},
	year = {2012},
	pages = {214--226},
	numpages = {13},
	doi = {10.1145/2090236.2090255},
	acmid = {2090255},
	publisher = {ACM},
	} 
	
@inproceedings{hardteqop,
	title = {Equality of Opportunity in Supervised Learning},
	author={Hardt, Moritz and Price, Eric and Srebro, Nati},
	booktitle = {Advances in Neural Information Processing Systems 29},
	pages={3315--3323},
	year={2016}
	}
	
@InProceedings{ekstrandprivfair,
	title = 	 {Privacy for All: Ensuring Fair and Equitable Privacy Protections},
	author = 	 {Michael D. Ekstrand and Rezvan Joshaghani and Hoda Mehrpouyan},
	booktitle = 	 {Proceedings of the 1st Conference on Fairness, Accountability and Transparency},
	pages = 	 {35--47},
	year = 	 {2018},
	volume = 	 {81},
	address = 	 {New York, NY, USA},
	publisher = 	 {PMLR},
	pdf = 	 {http://proceedings.mlr.press/v81/ekstrand18a/ekstrand18a.pdf},
	url = 	 {http://proceedings.mlr.press/v81/ekstrand18a.html},
	}
	
@InProceedings{costfairnessinbinary,
	title = 	 {The cost of fairness in binary classification},
	author = 	 {Aditya Krishna Menon and Robert C Williamson},
	booktitle = 	 {Proceedings of the 1st Conference on Fairness, Accountability and Transparency},
	pages = 	 {107--118},
	year = 	 {2018},
	volume = 	 {81},
	address = 	 {New York, NY, USA},
	publisher = 	 {PMLR},
	url = 	 {http://proceedings.mlr.press/v81/menon18a.html},
	abstract = 	 {Binary classifiers are often required to possess fairness in the sense of not overly discriminating with respect to a feature deemed sensitive e.g. race. We study the inherent tradeoffs in learning classifiers with a fairness constraint in the form of two questions: what is the best accuracy we can expect for a given level of fairness?, and what is the nature of these optimal fairness-aware classifiers? To answer these questions, we provide three main contributions. First, we relate two existing fairness measures to cost-sensitive risks. Second, we show that for such cost-sensitive fairness measures, the optimal classifier is an instance-dependent thresholding of the class-probability function. Third, we relate the tradeoff between accuracy and fairness to the alignment between the target and sensitive features’ class-probabilities. A practical implication of our analysis is a simple approach to the fairness-aware problem which involves suitably thresholding class-probability estimates.}
	}
@article{Kasiviswanathan:2011:WLP:2078965.2078976,
 author = {Kasiviswanathan, Shiva Prasad and Lee, Homin K. and Nissim, Kobbi and Raskhodnikova, Sofya and Smith, Adam},
 title = {What Can We Learn Privately?},
 journal = {SIAM J. Comput.},
 issue_date = {May 2011},
 volume = {40},
 number = {3},
 month = jun,
 year = {2011},
 issn = {0097-5397},
 pages = {793--826},
 numpages = {34},
 url = {http://dx.doi.org/10.1137/090756090},
 doi = {10.1137/090756090},
 acmid = {2078976},
 publisher = {Society for Industrial and Applied Mathematics},
 address = {Philadelphia, PA, USA},
 keywords = {data privacy, differential privacy, probabilistically approximately correct learning, statistical query learning},
} 
@InProceedings{dworknoisesens,
	author="Dwork, Cynthia
	and McSherry, Frank
	and Nissim, Kobbi
	and Smith, Adam",
	
	title="Calibrating Noise to Sensitivity in Private Data Analysis",
	booktitle="Theory of Cryptography",
	year="2006",
	pages="265--284",
	abstract="We continue a line of research initiated in [10,11]on privacy-preserving statistical databases. Consider a trusted server that holds a database of sensitive information. Given a query function f mapping databases to reals, the so-called true answer is the result of applying f to the database. To protect privacy, the true answer is perturbed by the addition of random noise generated according to a carefully chosen distribution, and this response, the true answer plus noise, is returned to the user.",
	}
	
	
	
@InProceedings{narayananFAT,
	title = 	 {Tutorial: 21 definitions of fairness and their politics},
	author = 	 {Arvind Narayanan},
	booktitle = 	 {1st Conference on Fairness, Accountability and Transparency},
	year = 	 {2018},
	address = 	 {New York, NY, USA}
	}
@inproceedings{McSherry:2007:MDV:1333875.1334185,
 author = {McSherry, Frank and Talwar, Kunal},
 title = {Mechanism Design via Differential Privacy},
 booktitle = {Proceedings of the 48th Annual IEEE Symposium on Foundations of Computer Science},
 series = {FOCS '07},
 year = {2007},
 isbn = {0-7695-3010-9},
 pages = {94--103},
 numpages = {10},
 url = {http://dx.doi.org/10.1109/FOCS.2007.41},
 doi = {10.1109/FOCS.2007.41},
 acmid = {1334185},
 publisher = {IEEE Computer Society},
 address = {Washington, DC, USA},
} 

@INPROCEEDINGS{2dplimits,
	author={A. McGregor and I. Mironov and T. Pitassi and O. Reingold and K. Talwar and S. Vadhan},
	booktitle={2010 IEEE 51st Annual Symposium on Foundations of Computer Science},
	title={The Limits of Two-Party Differential Privacy},
	year={2010},
	volume={},
	number={},
	pages={81-90},
	keywords={client-server systems;data analysis;data privacy;two party differential privacy;distributed setting;Hamming distance;client server setting;private data analysis;computational variant;Santha-Vazirani sources;Protocols;Privacy;Complexity theory;Data privacy;Hamming distance;Sensitivity;Additives;differential privacy;communication complexity;randomness extractors},
	doi={10.1109/FOCS.2010.14},
	ISSN={0272-5428},
	month={Oct},}


@InProceedings{woodworthFollowUp,
	title = 	 {Learning Non-Discriminatory Predictors},
	author = 	 {Blake Woodworth and Suriya Gunasekar and Mesrob I. Ohannessian and Nathan Srebro},
	booktitle = 	 {Proceedings of the 2017 Conference on Learning Theory},
	pages = 	 {1920--1953},
	year = 	 {2017},
	editor = 	 {Satyen Kale and Ohad Shamir},
	volume = 	 {65},
	series = 	 {Proceedings of Machine Learning Research},
	address = 	 {Amsterdam, Netherlands},
	month = 	 {07--10 Jul},
	publisher = 	 {PMLR},
	pdf = 	 {http://proceedings.mlr.press/v65/woodworth17a/woodworth17a.pdf},
	url = 	 {http://proceedings.mlr.press/v65/woodworth17a.html},
	}
}



